@misc{toronto-ksi,
  author       = {{Toronto Police Service}},
  title        = {Total KSI},
  url         = {https://data.torontopolice.on.ca/pages/total-ksi},
  note         = {Accessed: 2025-08-13},
  year         = {2023},
}

@misc{brokerlink2025ontario,
  title        = {Top 10 most dangerous and safest cities to drive in Ontario in 2024},
  author       = {{BrokerLink Communications}},
  year         = {2025},
  month        = {May},
  day          = {19},
  url          = {https://www.brokerlink.ca/blog/top-10-most-dangerous-and-safest-cities-to-drive-in-ontario-in-2024},
  note         = {Accessed: 2025-08-13}
}